@book{larman_applyingUmlAndPatterns_2004,
  added-at = {2013-02-28T11:13:35.000+0100},
  address = {Upper Saddle River, NJ, USA},
  author = {Larman, Craig},
  isbn = {0131489062},
  publisher = {Prentice Hall PTR},
  title = {Applying UML and Patterns: An Introduction to Object-Oriented Analysis and Design and Iterative Development (3rd Edition)},
  year = 2004
}
@misc{www.scrum-events.de_dod,
  title={Was ist die "definition of done" (DOD)?},
  url={https://www.scrum-events.de/was-ist-die-definition-of-done-dod.html},
  journal={Was ist die "Definition of Done" (DoD)? - SCRUM Zertifizierung &amp; SCRUM Schulung},
  author={www.scrum-events.de}
}